@article{NatureGeneticMutation,
    author = "Suzanne Clancy",
    title = "{Genetic Mutation}",
    journal = "Nature Education",
    year = "2008",
    volume = 1,
    number = 1,
    pages = 187,
    url = {https://www.nature.com/scitable/topicpage/genetic-mutation-441/}
}


@online{NatureGenotype,
    author = "Nature Education",
    title = "Definition of genotype",
    year = 2014,
    url = {https://www.nature.com/scitable/definition/genotype-234/}
}


@online{GeneticsWiki,
    author = "International Society of Genetic Genealogy Wiki",
    title = "Single-nucleotide polymorphism",
    year = 2018,
    url = {https://isogg.org/wiki/Single-nucleotide_polymorphism}
}

@online{MutationVSPolymorphishm,
    author = "Richard Twynman",
    title = "Mutation or polymorphishm?",
    editor = "Wellcome Trust",
    year = 2003,
    url = {http://fire.biol.wwu.edu/trent/trent/polymorphism.pdf}
}

@online{GeneticsReview,
    author = "Renata Geer",
    editor = "National Center for Biotechnology Information",
    title = "Genetics Review",
    year = 1999,
    url = {https://www.ncbi.nlm.nih.gov/Class/MLACourse/Original8Hour/Genetics/basepair.html}
}

@data{HarvardDataset,
author = {Ricke, Darrell},
publisher = {Harvard Dataverse},
title = "{11 Million SNP Profiles datasets}",
year = {2018},
version = {V3},
doi = {10.7910/DVN/IDT8HZ},
url = {https://doi.org/10.7910/DVN/IDT8HZ}
}


@article{KernelMeasuresGenotypes,
    author = "Indranil Mukhopadhyay and Eleanor Feingold and Daniel E Weeks and Anbupalam
Thalamuthu",
    title = "{Association tests using kernel-based measures of multi-locus
genotype similarity between individuals}",
    journal = "Genet Epidemol",
    year = "2010",
    volume = 34,
    number = 3,
    pages = "213--221",
    url = {https://www.ncbi.nlm.nih.gov/pmc/articles/PMC3272581/}
}


@article{kernlab,
    title = {kernlab -- An {S4} Package for Kernel Methods in {R}},
    author = {Alexandros Karatzoglou and Alex Smola and Kurt Hornik and Achim Zeileis},
    journal = {Journal of Statistical Software},
    year = {2004},
    volume = {11},
    number = {9},
    pages = {1--20},
    url = {http://www.jstatsoft.org/v11/i09/},
}


@article{GenonicSimilarity,
    author = "Daniel Schaid",
    title = "{Genomic Similarty and Kernel Methods}",
    journal = "Human Heredity",
    year = "2009",
    volume = 70,
    pages = "109--131"
}
